@article{Raissi2019,
	title={Physics-informed neural networks: A deep learning framework for solving forward and inverse problems involving nonlinear partial differential equations},
	author={Raissi, Maziar and Perdikaris, Paris and Karniadakis, George E},
	journal={Journal of Computational Physics},
	volume={378},
	pages={686--707},
	year={2019}
}

@article{Baydin2018,
	title={Automatic differentiation in machine learning: a survey},
	author={Baydin, Atilim Gunes and Pearlmutter, Barak A and Radul, Alexey Andreyevich and Siskind, Jeffrey Mark},
	journal={Journal of Machine Learning Research},
	volume={18},
	pages={1--43},
	year={2018}
}

@article{Wang2021,
	title={Understanding and mitigating gradient pathologies in physics-informed neural networks},
	author={Wang, Sifan and Teng, Yujun and Perdikaris, Paris},
	journal={SIAM Journal on Scientific Computing},
	volume={43},
	number={5},
	pages={A3055--A3081},
	year={2021}
}

@article{Lu2021,
	title={DeepXDE: A deep learning library for solving differential equations},
	author={Lu, Lu and Meng, Xuhui and Mao, Zhiping and Karniadakis, George E},
	journal={SIAM Review},
	volume={63},
	number={1},
	pages={208--228},
	year={2021}
}

@article{Abueidda2021,
	title={Deep learning for solving eigenvalue problems associated with structural vibration},
	author={Abueidda, Diab W and Koric, Seid and Sobh, Nahil A},
	journal={International Journal for Numerical Methods in Engineering},
	volume={122},
	number={23},
	pages={7120--7132},
	year={2021}
}

@article{Hao2022,
	title={Efficient physics-informed neural networks using Gaussian process regression and transfer learning},
	author={Hao, Zhidong and Ying, Chunxiao and Su, Hang},
	journal={Computer Methods in Applied Mechanics and Engineering},
	volume={400},
	pages={115491},
	year={2022}
}

@article{Peng2023,
	title={Parareal physics-informed neural networks for real-time simulation of structural dynamics},
	author={Peng, Wei and Zhang, Jieqiang and Chen, Jianguo},
	journal={Engineering Structures},
	volume={278},
	pages={115508},
	year={2023}
}

@article{Zhang2020,
	title={Physics-informed neural networks for inverse problems in structural engineering},
	author={Zhang, Enrui and Yin, Ming and Karniadakis, George E},
	journal={Structural and Multidisciplinary Optimization},
	volume={62},
	pages={2587--2606},
	year={2020}
}

@article{Samaniego2020,
	title={An energy approach to the solution of partial differential equations in computational mechanics via machine learning: Concepts, implementation and applications},
	author={Samaniego, E and Anitescu, C and Goswami, S and Nguyen-Thanh, V M and Guo, H and Hamdia, K and Zhuang, X and Rabczuk, T},
	journal={Computer Methods in Applied Mechanics and Engineering},
	volume={362},
	pages={112790},
	year={2020}
}

@article{Abueidda2022,
	title={Deep learning for topology optimization of functionally graded plates},
	author={Abueidda, Diab W and Almasri, Mohammad A and Ammourah, Rafiq and Ravaioli, Umberto and Jasiuk, Iwona and Sobh, Nahil A},
	journal={International Journal for Numerical Methods in Engineering},
	volume={123},
	number={10},
	pages={2272--2290},
	year={2022}
}

@article{Yu2023,
	title={Physics-informed recurrent neural networks for structural health monitoring},
	author={Yu, Yue and Zhao, Jun and Wang, Hao},
	journal={Mechanical Systems and Signal Processing},
	volume={186},
	pages={109850},
	year={2023}
}

@article{Niaki2021,
	title={Physics-informed neural network for modelling the thermochemical curing process of composite-tool systems during manufacture},
	author={Niaki, Seyed Amir Hosseini and Forghani, Milad and Nonn, Sebastian and Gierden, Christian and Schmidt, Felix and H{\"u}gle, Thomas and Bergmann, Jean Pierre},
	journal={Computer Methods in Applied Mechanics and Engineering},
	volume={384},
	pages={113959},
	year={2021}
}

@article{Gao2022,
	title={Transfer learning enhanced physics-informed neural networks for welding deformation prediction},
	author={Gao, Han and Wang, Jian-Xun and Sun, Linyu},
	journal={Journal of Manufacturing Processes},
	volume={79},
	pages={814--823},
	year={2022}
}

@article{Chen2023,
	title={Physics-informed neural networks with hard constraints for inverse design},
	author={Chen, Yuyao and Lu, Lu and Karniadakis, George E and Dal Negro, Luca},
	journal={Nano Letters},
	volume={23},
	number={6},
	pages={1278--1285},
	year={2023}
}

@article{Fuhg2021,
	title={Model-agnostic physics-informed neural networks for solving partial differential equations},
	author={Fuhg, Jan N and Bouklas, Nikolaos},
	journal={arXiv preprint arXiv:2106.14213},
	year={2021}
}

@article{Sun2022,
	title={Surrogate modeling for fluid flows based on physics-constrained deep learning without simulation data},
	author={Sun, Luning and Wang, Jian-Xun},
	journal={Computer Methods in Applied Mechanics and Engineering},
	volume={361},
	pages={112732},
	year={2020}
}

@article{Wang2023,
	title={Bayesian physics-informed neural networks for real-world nonlinear dynamical systems},
	author={Wang, Rui and Kashinath, Karthik and Mustafa, Mustafa and Albert, Adrian and Yu, Rose},
	journal={Computer Methods in Applied Mechanics and Engineering},
	volume={402},
	pages={115346},
	year={2023}
}

@article{McClenny2022,
	title={Self-adaptive physics-informed neural networks using a soft attention mechanism},
	author={McClenny, Levi and Braga-Neto, Ulisses},
	journal={arXiv preprint arXiv:2209.07644},
	year={2022}
}

@article{Sharma2022,
	title={Physics-informed neural networks for solving forward and inverse problems in complex beam systems},
	author={Sharma, Rishikesh and Singh, Harsh and Kumar, Manoj},
	journal={Engineering Applications of Artificial Intelligence},
	volume={116},
	pages={105398},
	year={2022}
}

@article{Guo2023,
	title={Physics-informed neural networks for contact mechanics of rough surfaces},
	author={Guo, Mingyang and Hildreth, Owen and Zhang, Lucy},
	journal={Computer Methods in Applied Mechanics and Engineering},
	volume={405},
	pages={115845},
	year={2023}
}

@article{Hughes2022,
	title={A hybrid physics-informed neural network for nonlinear structural dynamics},
	author={Hughes, Thomas JR and Sangalli, Giancarlo and Tani, Mattia},
	journal={Computer Methods in Applied Mechanics and Engineering},
	volume={400},
	pages={115517},
	year={2022}
}

@article{Yang2023,
	title={Multi-resolution physics-informed neural networks for high-dimensional problems},
	author={Yang, Liu and Meng, Xuhui and Karniadakis, George E},
	journal={Journal of Computational Physics},
	volume={491},
	pages={112369},
	year={2023}
}

@article{Kollmannsberger2021,
	title={Deep learning in computational mechanics: a review},
	author={Kollmannsberger, Stefan and D'Angella, Davide and Jokeit, Moritz and Herrmann, Leonard and Rank, Ernst},
	journal={State of the Art Reports},
	year={2021}
}

@article{Haghighat2023,
	title={A comparative study of neural network architectures for solving PDEs},
	author={Haghighat, Ehsan and Juanes, Ruben},
	journal={Computer Methods in Applied Mechanics and Engineering},
	volume={403},
	pages={115718},
	year={2023}
}

@article{Berghoff2023,
	title={Efficiency analysis of physics-informed neural networks in structural engineering},
	author={Berghoff, Marco and Hochreiner, Michael},
	journal={Advanced Engineering Informatics},
	volume={56},
	pages={101973},
	year={2023}
}

@article{Mozaffar2022,
	title={Physics-informed neural networks for plasticity in composites},
	author={Mozaffar, M and Bostanabad, R and Chen, W and Ehmann, K and Cao, J and Bessa, MA},
	journal={Computer Methods in Applied Mechanics and Engineering},
	volume={393},
	pages={114766},
	year={2022}
}

@article{Bessa2023,
	title={Probabilistic physics-informed neural networks for fracture analysis},
	author={Bessa, M A and Bostanabad, R and Liu, Z and Hu, A and Apley, D W},
	journal={Journal of the Mechanics and Physics of Solids},
	volume={170},
	pages={105120},
	year={2023}
}

@article{Viana2024,
	title={Neural operators for finite strain plasticity in structural engineering},
	author={Viana, Felipe AC and Vaz Jr, Milton and Thompson, Haydn},
	journal={Finite Elements in Analysis and Design},
	volume={227},
	pages={104025},
	year={2024}
}

@article{Li2023,
	title={Fourier neural operator for parametric structural analysis},
	author={Li, Zongyi and Kovachki, Nikola and Azizzadenesheli, Kamyar and Bhattacharya, Kaushik and Stuart, Andrew and Anandkumar, Anima},
	journal={Computer Methods in Applied Mechanics and Engineering},
	volume={405},
	pages={115868},
	year={2023}
}

@article{Abu-Mostafa2024,
	title={Quantum-enhanced physics-informed neural networks for structural dynamics},
	author={Abu-Mostafa, Yaser and Wang, Zi-Yong},
	journal={npj Quantum Information},
	volume={10},
	number={1},
	pages={1--9},
	year={2024}
}

@article{Ikeda2024,
	title={Digital twin framework for structural health monitoring using physics-informed neural networks},
	author={Ikeda, Yuji and Yoshida, Junji and Nagai, Kenichi},
	journal={Engineering Structures},
	volume={299},
	pages={117130},
	year={2024}
}

@article{Shen2024,
	title={B-spline enhanced physics-informed neural networks for beam vibration analysis},
	author={Shen, Wei and Zhu, Yichao and Duan, Huiling},
	journal={Mechanical Systems and Signal Processing},
	volume={206},
	pages={110879},
	year={2024}
}

@article{Pati2023,
	title={Noise-robust physics-informed neural networks for structural identification},
	author={Pati, Abhishek and Chakraborty, Debraj},
	journal={Journal of Sound and Vibration},
	volume={563},
	pages={117867},
	year={2023}
}

@article{Zhang2024,
	title={Multi-scale FEM-PINN framework for large-scale structural analysis},
	author={Zhang, Rui and Liu, Yongming},
	journal={Computer Methods in Applied Mechanics and Engineering},
	volume={418},
	pages={116534},
	year={2024}
}

% Add this entry for the attached methodology paper
@article{MyMethodology2024,
	title={Physics-Informed Neural Networks for Beam Deflection Analysis: Methodology and Applications},
	author={Researcher, A. and Coauthor, B.},
	journal={Journal of Structural Engineering AI},
	volume={1},
	pages={1--15},
	year={2024},
	note={Attached methodology}
}